@misc{erik-hjelmvik,
    author = {Erik Hjelmvik},
    title = {China's Man-on-the-Side Attack on GitHub.},
    year = 2015,
    howpublished = "\url{http://www.netresec.com/?page=Blog&month=2015-03&post=China%27s-Man-on-the-Side-Attack-on-GitHub}"
}

@misc{greatfire,
    author = {GreatFire.org},
    title = {Using Baidu to steer millions of computers to launch denial of service attacks.},
    year = 2015,
    howpublished = "\url{https://drive.google.com/file/d/0ByrxblDXR_yqeUNZYU5WcjFCbXM/view?pli=1}"
}

@misc{great-cannon,
    author = {Marczak, Bill and Weaver, Nicholas and Dalek, Jakub and Ensafi, Roya and Fifield, David and McKune, Sarah and Rey, Arn and Scott-Railton, John and Deibert, Ronald and Paxson, Vern},
    title = {China’s Great Cannon.},
    year = 2015,
    howpublished = "\url{https://citizenlab.org/2015/04/chinas-great-cannon/}"
}

@misc{hackere-3f,
    author = {DR Nyheder.},
    title = {Hackere skal betale 1,4 millioner kroner i erstatning til 3F},
    year = 2015,
    howpublished = "\url{http://www.dr.dk/Nyheder/Indland/2015/04/30/152616.htm}"
}

article{optimally-streaming,
    author = {Niels Bjørn Bugge Grathwohl, Fritz Henglein, Ulrik Terp Rasmussen},
    title = {Optimally Streaming Greedy Regular Expression Parsing},
    journal = {Theoretical Aspects of Computing — ICTAC 2014},
    year = 2014,
    howpublished = "\url{http://www.diku.dk/kmc/documents/GHR14-0-paper.pdf}",
    pages = {224-240}
}

Book{Algorithms,
    author    = {Thomas H. Cormen and Charles E. Leiserson and Ronald L. Rivest and Clifford Stein},
    publisher = {The MIT Press},
    title     = {Introduction to Algorithms},
    year      = {2009},
    isbn      = {9780262533058},
    edition   = {3rd},
    note      = {p. 65-113}
}
